Automatically generated by Mendeley Desktop 1.17.2
Any changes to this file will be lost if it is regenerated by Mendeley.

BibTeX export options can be customized via Options -> BibTeX in Mendeley Desktop

@article{Evans1985,
author = {Evans, Gareth},
file = {:home/adjl/Hacking/NaturalDetective/docs/Evans - 1985 - The Collected Papers.pdf:pdf;:home/adjl/Hacking/NaturalDetective/docs/Evans - 1985 - The Collected Papers(2).pdf:pdf},
title = {{The Collected Papers}},
year = {1985}
}
@article{Gentzen1935,
author = {Gentzen, Gerhard},
doi = {10.1007/BF01201363},
file = {:home/adjl/Hacking/NaturalDetective/docs/Gentzen - 1935 - Untersuchungen ber das logische Schliessen. II.pdf:pdf},
isbn = {0025-5874},
issn = {00255874},
journal = {Mathematische Zeitschrift},
number = {1},
pages = {405--431},
pmid = {15381661},
title = {{Untersuchungen ??ber das logische Schliessen. II}},
url = {http://dx.doi.org/10.1007/BF01201363{\%}5Cnhttp://www.springerlink.com/content/q033558kg4814115/},
volume = {39},
year = {1935}
}
@article{Girard1990,
abstract = {Based on a short graduate course on typed lambda-calculus given at the Universit{\'{e}} Paris VII in the autumn term of 1986-7.},
author = {Girard, Jean-Yves and Taylor, Paul and Lafont, Yves},
doi = {10.1016/0378-4754(90)90067-S},
file = {:home/adjl/Hacking/NaturalDetective/docs/Girard, Taylor, Lafont - 1990 - Proofs and Types.pdf:pdf},
isbn = {0521371813},
issn = {03784754},
journal = {Mathematics and Computers in Simulation},
number = {6},
pages = {594--595},
pmid = {16851033},
title = {{Proofs and Types}},
volume = {31},
year = {1990}
}
