@inproceedings{deterding2011game,
  title={From game design elements to gamefulness: defining gamification},
  author={Deterding, Sebastian and Dixon, Dan and Khaled, Rilla and Nacke, Lennart},
  booktitle={Proceedings of the 15th international academic MindTrek conference: Envisioning future media environments},
  pages={9--15},
  year={2011},
  organization={ACM}
}

@article{godwin2005emerging,
  title={Emerging technologies: Messaging, gaming, peer-to-peer sharing: Language learning strategies \& tools for the millennial generation},
  author={Godwin-Jones, Robert},
  journal={Language learning \& technology},
  volume={9},
  number={1},
  pages={17--22},
  year={2005}
}

@article{squire2008video,
  title={Video game-based learning: An emerging paradigm for instruction},
  author={Squire, Kurt D},
  journal={Performance Improvement Quarterly},
  volume={21},
  number={2},
  pages={7},
  year={2008},
  publisher={International Society for Performance Improvement}
}

@article{pelletier2000history,
  title={A history of natural deduction and elementary logic textbooks},
  author={Pelletier, Francis Jeffry},
  journal={Logical Consequence: Rival Approaches},
  volume={1},
  pages={105--138},
  year={2000}
}
